@article{machineTransReview,
author = {Jiajun Zhang, and Chengqing Zong, },
title = {Deep Neural Networks in Machine Translation: An Overview},
journal = {IEEE Intelligent Systems},
volume = {30},
number = {5},
issn = {1541-1672},
year = {2015},
pages = {16-25},
doi = {doi.ieeecomputersociety.org/10.1109/MIS.2015.69},
publisher = {IEEE Computer Society},
address = {Los Alamitos, CA, USA},
}

@inproceedings{karpathy2015deep,
  title={Deep visual-semantic alignments for generating image descriptions},
  author={Karpathy, Andrej and Fei-Fei, Li},
  booktitle={Proceedings of the IEEE Conference on Computer Vision and Pattern Recognition},
  pages={3128--3137},
  year={2015}
}

@inproceedings{venugopalan2015sequence,
  title={Sequence to sequence-video to text},
  author={Venugopalan, Subhashini and Rohrbach, Marcus and Donahue, Jeffrey and Mooney, Raymond and Darrell, Trevor and Saenko, Kate},
  booktitle={Proceedings of the IEEE International Conference on Computer Vision},
  pages={4534--4542},
  year={2015}
}

@inproceedings{krizhevsky2012imagenet,
  title={Imagenet classification with deep convolutional neural networks},
  author={Krizhevsky, Alex and Sutskever, Ilya and Hinton, Geoffrey E},
  booktitle={Advances in neural information processing systems},
  pages={1097--1105},
  year={2012}
}

@article{lawrence1997face,
  title={Face recognition: A convolutional neural-network approach},
  author={Lawrence, Steve and Giles, C Lee and Tsoi, Ah Chung and Back, Andrew D},
  journal={IEEE transactions on neural networks},
  volume={8},
  number={1},
  pages={98--113},
  year={1997},
  publisher={IEEE}
}

@misc{Tensorflow2015,
title={ {TensorFlow}: Large-Scale Machine Learning on Heterogeneous Systems},
url={http://tensorflow.org/},
note={Software available from tensorflow.org},
author={
    Mart\'{\i}n~Abadi and
    Ashish~Agarwal and
    Paul~Barham and
    Eugene~Brevdo and
    Zhifeng~Chen and
    Craig~Citro and
    Greg~S.~Corrado and
    Andy~Davis and
    Jeffrey~Dean and
    Matthieu~Devin and
    Sanjay~Ghemawat and
    Ian~Goodfellow and
    Andrew~Harp and
    Geoffrey~Irving and
    Michael~Isard and
    Yangqing Jia and
    Rafal~Jozefowicz and
    Lukasz~Kaiser and
    Manjunath~Kudlur and
    Josh~Levenberg and
    Dan~Man\'{e} and
    Rajat~Monga and
    Sherry~Moore and
    Derek~Murray and
    Chris~Olah and
    Mike~Schuster and
    Jonathon~Shlens and
    Benoit~Steiner and
    Ilya~Sutskever and
    Kunal~Talwar and
    Paul~Tucker and
    Vincent~Vanhoucke and
    Vijay~Vasudevan and
    Fernanda~Vi\'{e}gas and
    Oriol~Vinyals and
    Pete~Warden and
    Martin~Wattenberg and
    Martin~Wicke and
    Yuan~Yu and
    Xiaoqiang~Zheng},
  year={2015},
}

@misc{TensorflowLogo,
author = {Google},
title = {Tensorflow logo},
howpublished = {https://googleblog.blogspot.com.es/2015/11/tensorflow-smarter-machine-learning-for.html},
note = {Acceso: 27-01-2017},
}

@misc{Keras,
author = {Keras},
title = {Keras},
howpublished = {https://keras.io/},
note = {Acceso: 27-01-2017},
}

@misc{dataset,
author = {Kaggle},
title = {Dogs vs. Cats},
howpublished = {https://www.kaggle.com/c/dogs-vs-cats},
note = {Acceso: 27-01-2017},
}

